@inproceedings{perlin2002improving,
  title={Improving noise},
  author={Perlin, Ken},
  booktitle={ACM Transactions on Graphics (TOG)},
  volume={21},
  pages={681--682},
  year={2002},
  organization={ACM}
}