%pesquisa feita pela ESA, com dados de gastos em jogos e mais
@misc{entertainment2017essential,
  title={Essential facts about the computer and video game industry},
  author={Entertainment Software Association and others},
  year={2017}
}

%livro que tenho sobre a mesa
@book{ebert2003texturing,
  title={Texturing \& modeling: a procedural approach},
  author={Ebert, David S},
  year={2003},
  publisher={Morgan Kaufmann}
}

%artigo sobre o custo de GTAV, é de um jornal que parece ser mais sensacionalista
%que ciêntífico
@article{villapaz2013gta,
  title={‘GTA 5’costs \$265 million to develop and market, making it the most expensive video game ever produced: Report},
  author={Villapaz, Luke},
  journal={International Business Times},
  volume={8},
  year={2013}
}

%artigo sobre o jogo Limit Theory, geração procedural sobre planetas e sistemas
@article{abreu1990toward,
  title={Toward a theory of discounted repeated games with imperfect monitoring},
  author={Abreu, Dilip and Pearce, David and Stacchetti, Ennio},
  journal={Econometrica: Journal of the Econometric Society},
  pages={1041--1063},
  year={1990},
  publisher={JSTOR}
}

%fala sobre ensinar coisas com minecraft, com ilustrações
%não é suficiente para sustentar nenhuma argumentação da continuidades de biomas
% e suas fronteiras
@article{duncan2011minecraft,
  title={Minecraft, beyond construction and survival},
  author={Duncan, Sean C},
  journal={Well Played: a journal on video games, value and meaning},
  volume={1},
  number={1},
  pages={1--22},
  year={2011},
  publisher={ETC Press}
}

%este também é sobre ensino com o minecraft, nele, é afirmado que minecraft segue
%padrões da natureza e pode ser usado para ensinar sobre os biomas
%não é suficiente para sustentar nenhuma argumentação da continuidades de biomas
% e suas fronteiras
@article{short2012teaching,
  title={Teaching scientific concepts using a virtual world—Minecraft.},
  author={Short, Daniel},
  journal={Teaching Science-the Journal of the Australian Science Teachers Association},
  volume={58},
  number={3},
  pages={55},
  year={2012}
}

%livro que aborda limitações e possibilidades do PCG
@book{shaker2016procedural,
  title={Procedural Content Generation in Games},
  author={Shaker, Noor and Togelius, Julian and Nelson, Mark J},
  year={2016},
  publisher={Springer}
}

%Trabalho da Gabrielle
@TECHREPORT{gabrielle2016canion,
  author = {Gabrielle Almeida de Souza},
  title = {Algoritmo de Geração Procedural de Cânions Baseado em Ruído de Perlin},
  institution = {Curso de Ciência da Computação. Universidade Federal da Fronteira Sul},
  address = {Chapecó},
  year = {2016}
}

%Implementação de cânions do de Carli
@TECHREPORT{carli2012canion,
  author = {Daniel Michelon De Carli},
  title = {Geração Procedural de Cenários 3D de Cânions com Foco em Jogos Digitais},
  institution = {Curso de Mestrado do Programa de Pós-Graduação em Informática (PPGI), Área de Concentração em Computação Aplicada. Universidade Federal de Santa Maria},
  address = {Santa Maria},
  year = {2012}
}

%Gera ilha(s) com divisão de biomas com base em um diagrama de voronoi, usa 
%Perlin para altura, mais Perlin para bordas
@misc{patel2010polygonal,
  title={Polygonal map generation for games},
  author={Patel, Amit},
  year={2010}
}

%caso precisar citar o criador do minecraft (Markus Persson)
@article{persson2011minecraft,
  title={Minecraft},
  author={Persson, Markus and Bergensten, Jens},
  journal={Computer software]. Stockholm, Sweden: Mojang AB. Retrieved from http://minecraft.net},
  year={2011}
}

%magic book
@book{shiffman2012nature,
  title={The nature of code},
  author={Shiffman, Daniel and Fry, Shannon and Marsh, Zannah},
  year={2012},
  publisher={D. Shiffman}
}

%Um artigo em português que apresenta conceitos de biomas
@article{coutinho2006conceito,
  title={O conceito de bioma},
  author={Coutinho, Leopoldo Magno},
  journal={Acta botanica bras{\'\i}lica},
  volume={20},
  number={1},
  pages={13--23},
  year={2006},
  publisher={SciELO Brasil}
}

%O artigo anterior usou este como base
@incollection{walter1986vegetaccao,
  title={Vegeta{\c{c}}{\~a}o e zonas clim{\'a}ticas: tratado de ecologia global},
  author={Walter, Heinrich},
  booktitle={Vegeta{\c{c}}{\~a}o e zonas clim{\'a}ticas: tratado de ecologia global},
  year={1986},
  publisher={EPU}
}

%Uma malha de triangulos com números
@misc{androidtrianglestrip,
  title = {Android Lesson Eight: An Introduction to Index Buffer Objects (IBOs)},
  howpublished = {\url{http://www.learnopengles.com/tag/triangle-strips/}},
  note = {Accessed: 2017-07-15}
}

%Um mapa de altura feito com triangle strip-------------------------------------Não está mais sendo usada
@misc{trainglestripheightmap,
  title = {OpenGL 3.3: Indexed Drawing},
  howpublished = {\url{http://www.mbsoftworks.sk/index.php?page=tutorials&series=1&tutorial=8}},
  note = {Accessed: 2017-07-15}
}

%pica das galaxias que criou o algoritmo de fortune =D
@article{fortune1987sweepline,
  title={A sweepline algorithm for Voronoi diagrams},
  author={Fortune, Steven},
  journal={Algorithmica},
  volume={2},
  number={1-4},
  pages={153},
  year={1987},
  publisher={Springer}
}

%um dos poucos que fala sobre a complexidade do ruído
@misc{zucker2001perlin,
  title={The Perlin noise math FAQ},
  author={Zucker, Matt},
  journal={2008-11-12]. http://studentsvassar, edu. mazueker/eode/perlion-noise-math-faq. html},
  year={2001}
}

%artigo do propio perlin falando sobe melhorias na função de perlin
@inproceedings{perlin2002improving,
  title={Improving noise},
  author={Perlin, Ken},
  booktitle={ACM Transactions on Graphics (TOG)},
  volume={21},
  number={3},
  pages={681--682},
  year={2002},
  organization={ACM}
}

%é um ótimo trabalho relacionado, mas preciso ler mais sobre
@inproceedings{hnaidi2010feature,
  title={Feature based terrain generation using diffusion equation},
  author={Hnaidi, Houssam and Gu{\'e}rin, Eric and Akkouche, Samir and Peytavie, Adrien and Galin, Eric},
  booktitle={Computer Graphics Forum},
  volume={29},
  number={7},
  pages={2179--2186},
  year={2010},
  organization={Wiley Online Library}
}

%um trabalho muito bom, preciso ler ele inteiro para aprender sobre malhas
@misc{dachsbacher2006interactive,
  title={Interactive terrain rendering: towards realism with procedural models and graphics hardware},
  author={Dachsbacher, Carsten},
  year={2006}
}

%O artigo de Perlin de 85
@article{perlin1985image,
  title={An image synthesizer},
  author={Perlin, Ken},
  journal={ACM Siggraph Computer Graphics},
  volume={19},
  number={3},
  pages={287--296},
  year={1985}
}

% Gerador de costas do fernando
@misc{fernando2009costas,
    title={Ferramenta para Geração em Tempo Real de Bordas de Mapas Virtuais Pseudo-infinitos para Jogos 3d},
    author={Bevilacqua, Fernando},
    year={2009}
}