@inproceedings{perlin2002improving,
  title={Improving noise},
  author={Perlin, Ken},
  booktitle={ACM Transactions on Graphics (TOG)},
  volume={21},
  pages={681--682},
  year={2002},
  organization={ACM}
}

%Um artigo em português que apresenta conceitos de biomas
@article{coutinho2006conceito,
  title={O conceito de bioma},
  author={Coutinho, Leopoldo Magno},
  journal={Acta botanica bras{\'\i}lica},
  volume={20},
  number={1},
  pages={13--23},
  year={2006},
  publisher={SciELO Brasil}
}

%O artigo anterior usou este como base
@incollection{walter1986vegetaccao,
  title={Vegeta{\c{c}}{\~a}o e zonas clim{\'a}ticas: tratado de ecologia global},
  author={Walter, Heinrich},
  booktitle={Vegeta{\c{c}}{\~a}o e zonas clim{\'a}ticas: tratado de ecologia global},
  year={1986},
  publisher={EPU}
}

%Gera ilha(s) com divisão de biomas com base em um diagrama de voronoi, usa 
%Perlin para altura, mais Perlin para bordas
@misc{patel2010polygonal,
  title={Polygonal map generation for games},
  author={Patel, Amit},
  year={2010}
}

%magic book
@book{shiffman2012nature,
  title={The nature of code},
  author={Shiffman, Daniel and Fry, Shannon and Marsh, Zannah},
  year={2012},
  publisher={D. Shiffman}
}

%artigo que não existe mais
@article{elias2000perlin,
  title={Perlin noise},
  author={Elias, Hugo},
  journal={from The good-looking textured light-sourced bouncy fun smart and stretchy},
  year={2000}
}

%um trabalho muito bom, preciso ler ele inteiro para aprender sobre malhas
@misc{dachsbacher2006interactive,
  title={Interactive terrain rendering: towards realism with procedural models and graphics hardware},
  author={Dachsbacher, Carsten},
  year={2006}
}

%Implementação de cânions do de Carli
@TECHREPORT{carli2012canion,
  author = {Daniel Michelon De Carli},
  title = {Geração Procedural de Cenários 3D de Cânions com Foco em Jogos Digitais},
  institution = {Curso de Mestrado do Programa de Pós-Graduação em Informática (PPGI), Área de Concentração em Computação Aplicada. Universidade Federal de Santa Maria},
  address = {Santa Maria},
  year = {2012}
}

% Gerador de costas do fernando
@misc{fernando2009costas,
    title={Ferramenta para Gera{\c{c}}{\~a}o em Tempo Real de Bordas de Mapas Virtuais Pseudo-infinitos para Jogos 3d},
    author={Bevilacqua, Fernando},
    year={2009}
}