@article{ denio2008,
  title={O Uso da Probabilidade para DescreverArvores (XML)},
  author={Pasquali, F{\'a}bio and Duarte, Denio},
  journal={XXIII Simposio Brasileiro de Banco de Dados (Sess{\~a}o de Posteres)},
  year={2008}
}